@InProceedings{lang-emnlp2011,
  author = {Lang, Joel and Lapata, Mirella}, 
  title = {Unsupervised Semantic Role Induction with Graph Partitioning}, 
  booktitle = {Proceedings of the 2011 Conference on Empirical Methods in Natural Language Processing}, 
  month = {July}, 
  year = {2011}, 
  address = {Edinburgh, Scotland, UK.}, 
  publisher = {Association for Computational Linguistics}, 
  pages = {1320--1331}, 
  url = {http://www.aclweb.org/anthology/D11-1122} 
 }
 
 @InProceedings{lang-naacl2010, 
  author = {Lang, Joel and Lapata, Mirella}, 
  title = {Unsupervised Induction of Semantic Roles}, 
  booktitle = {Human Language Technologies: The 2010 Annual Conference 
  of the North American Chapter of the Association for Computational 
  Linguistics}, 
  month = {June}, 
  year = {2010}, 
  address = {Los Angeles, California}, 
  publisher = {Association for Computational Linguistics}, 
  pages = {939--947}, 
  url = {http://www.aclweb.org/anthology/N10-1137} 
 }
 
 @InProceedings{furstenau-emnlp2009, 
  author = {F{\"{u}}rstenau, Hagen and Lapata, Mirella}, 
  title = {Graph Alignment for Semi-Supervised Semantic Role Labeling}, 
  booktitle = {Proceedings of the 2009 Conference on Empirical Methods in Natural Language Processing}, 
  year = {2009}, 
  address = {Singapore}, 
  pages = {11--20} 
 }

@inproceedings{clark2013study,
  title={A study of the knowledge base requirements for passing an elementary science test},
  author={Clark, Peter and Harrison, Philip and Balasubramanian, Niranjan},
  booktitle={Proceedings of the 2013 workshop on Automated knowledge base construction},
  pages={37--42},
  year={2013},
  organization={ACM}
}

@InProceedings{mintz2009distant,
  title={Distant supervision for relation extraction without labeled data},
  author={Mintz, Mike and Bills, Steven and Snow, Rion and Jurafsky, Dan},
  booktitle={Proceedings of the Joint Conference of the 47th Annual Meeting of the ACL and the 4th International Joint Conference on Natural Language Processing of the AFNLP: Volume 2-Volume 2},
  pages={1003--1011},
  year={2009},
  organization={Association for Computational Linguistics}
}

@inproceedings{bjorkelund2009multilingual,
  title={Multilingual semantic role labeling},
  author={Bj{\"o}rkelund, Anders and Hafdell, Love and Nugues, Pierre},
  booktitle={Proceedings of the Thirteenth Conference on Computational Natural Language Learning: Shared Task},
  pages={43--48},
  year={2009},
  organization={Association for Computational Linguistics}
}
@article{daume2009frustratingly,
  title={Frustratingly easy domain adaptation},
  author={Daum{\'e} III, Hal},
  journal={arXiv preprint arXiv:0907.1815},
  year={2009}
}
